
@article{kolmogorov_assembly_2019,
	title = {Assembly of long, error-prone reads using repeat graphs},
	volume = {37},
	issn = {1087-0156, 1546-1696},
	url = {http://www.nature.com/articles/s41587-019-0072-8},
	doi = {10.1038/s41587-019-0072-8},
	language = {en},
	number = {5},
	urldate = {2021-05-18},
	journal = {Nature Biotechnology},
	author = {Kolmogorov, Mikhail and Yuan, Jeffrey and Lin, Yu and Pevzner, Pavel A.},
	month = may,
	year = {2019},
	pages = {540--546},
	file = {Submitted Version:/home/luis/Zotero/storage/QP8WYE69/Kolmogorov et al. - 2019 - Assembly of long, error-prone reads using repeat g.pdf:application/pdf},
}
